@article{rivest1996time,
  title={Time-lock puzzles and timed-release crypto},
  author={Rivest, Ronald L and Shamir, Adi and Wagner, David A},
  year={1996},
  publisher={Massachusetts Institute of Technology}
}